<?xml version="1.0" encoding="UTF-8"?><collection xmlns="http://www.loc.gov/MARC21/slim"><record><leader>00378nam--2200133-i-4500</leader><controlfield tag="001">000032817</controlfield><controlfield tag="002">20161230</controlfield><controlfield tag="005">20161230201039</controlfield><controlfield tag="008">060222s1000------------r-----000-0-eng-d</controlfield><datafield ind1=" " ind2=" " tag="080"><subfield code="a">536.7:546.3-19</subfield></datafield><datafield ind1=" " ind2=" " tag="100"><subfield code="a">Midema, A.R. And Nieseen, A.K</subfield></datafield><datafield ind1=" " ind2=" " tag="245"><subfield code="a">Cohesion in metals. transition metal alloys</subfield></datafield><datafield ind1=" " ind2=" " tag="260"><subfield code="a">Eindhoven, Phyliips Research Laboratories, 1987. 170p</subfield></datafield><datafield ind1=" " ind2=" " tag="852"><subfield code="a">74812</subfield></datafield></record></collection>